@misc{web:ocvdocu,
	author = "opencv Documentation",
	url = "http://docs.opencv.org/",
}

@misc{web:ocvfeature,
	author = "opencv Documentation",
	url ="http://docs.opencv.org/modules/features2d/doc/feature_detection_and_description.html",
}




